1072 1600
186 172 240 206 Dios
183 197 239 236 Dioses
197 192 821 262 Un libro sagrado llamado "La mónada" u "Octavo libro de Moisés"
206 224 845 293 acerca del Nombre santo. Contiene lo siguiente: permanezca casto
198 258 840 320 por 41 días, calculando que terminen en el (sínodo)
206 285 848 345 del tiempo de Aries. Tenga una casa al nivel del suelo en
201 321 845 376 la que en en el último año no haya muerto nadie. La puerta mirando a oriente.
201 351 833 403 Erija una altar de tierra en el medio de la casa
202 382 836 432 y aliste maderas de ciprés, diez estróbilos maduros, dos
202 413 826 458 gallinas blancas sin daño ni manchas, y también dos lámparas
219 440 828 486 llenas en una cuarta parte con un buen aceite, sin vertir nada
211 468 851 510 mas en ellas, pues cuando llegue el Dios arderan de manera excesiva.
213 499 859 536 Aliste la mesa con los siguientes inciensos
196 523 860 559 que (corresponden) con el Dios. (Plagiando
208 551 857 589 de este libro Hermes da cuenta de los (7) inciensos
209 580 848 617 en su libro sagrado llamado "La Ala").
209 606 848 642 1) De cronos, el estoraque, pues es pesado y fragante. 2) De Zeus,
208 635 860 672 el laurel. 3) De Ares, el (costo). 4) De Helio, el olíbano.
224 651 844 700 5) De Afrodita, el nardo indio. 6)De Hermes, la casia.
224 677 855 728 7) de Selene, la mirra. Esos son los incienzos secretos.
214 702 832 757 Esto dice en la llave de Moisés*: "Prepare (Yero solar)
217 728 801 783 para cada ocasión (así llama al haba de Egipto).
213 753 828 813 Y así indicaba Manetón en su libro:
214 781 828 840 (cita larga)Tome las 7 flores de los 7 astros, que son: Mejorana,
214 800 826 872 (auzucena), Loto, (Herephyllinon), narciso,
216 832 814 892 Alhelí y Rosa. Triture estas flores ventiún días
219 856 822 917 antes de la iniciación en un mortero
220 882 826 946 blanco, séquelas a la sombra y téngalas listas
225 910 833 972 para aquel día. |Pero primero, encomiéndese
221 934 821 994 a los dioses que corresponden a las horas del día bajo la luna nueva de la naturaleza del Dios
228 960 822 1018 (que tiene en la 'Llave'.) Conságrese de la siguiente manera:
228 988 822 1045 De harina de Trigo fina haga tres figuras: una con rostro de toro,
227 1019 837 1074 otra de macho cabrío y la última de carnero., cada una de ellas
227 1042 834 1103 de pie sobre un eje sosteniendo látigos egipcios,
224 1072 844 1125 e incensadas devórelas diciendo el hechizo de los dioses que corresponden a las horas
232 1098 848 1152 (que tiene en la 'Llave'), así como aquel que los comanda,
228 1124 854 1182 y la lista de los Dioses que corrensponden a las semanas, y será consagrado a ellos.
234 1154 844 1198 Ahora, para el (encuentro general) tenga un cuadrado de natron
230 1177 873 1222 en donde escribirá el gan Nombre con siete (sonidos).
230 1205 848 1249 En vez de un chasquido con los labios o un siseo, escriba en el medio
233 1228 869 1281 del natron un cocodrilo con rostro de halcón y
233 1253 840 1305 estando sobre él el de las nueve formas, pues el cocodrilo
235 1278 862 1334 con rostro de halcón saluda al dios en los cuatro equinoxios
240 1309 866 1371 con el chasquido de los labios.
